@misc{2020-NaaktgeborenC-Polyekthetic-engrXiv,
 title={On Polyekthetic Processes},
 url={engrxiv.org/f2w75},
 publisher={engrXiv},
 author={Naaktgeboren, C.}
}
